@article{ref1,
title={Exertional heat stroke in a marathon runner with extensive healed deep burns: a case report.},
year={2011},
journal={International Journal of Emergency Medicine},
volume={4},
number={1},
publisher={Springer-Verlag},
author={Seth, Puneet and Juliana, Poh},
pages={1-3}
}

@Misc{ ref2,
author ={Colin Bane},
title={Josh Lichtle dies from heat stroke},
url={http://xgames.espn.go.com/article/6737913/josh-lichtle-dies-monday-heat-stroke-sustained-red-bud-moto-cross-race-michigan}
}

@Misc{ ref3,
author = {Steven Morris},
title = {Jason Smith's officer fights back tears as inquest told of heatstroke death},
url ={http://www.theguardian.com/uk-news/2013/sep/16/jason-smith-inquest-iraq-heatstroke-death}
}



@article{ref4,
title={Heat Related Illness in Atheletes},
author={Allyson S. Howe MD and Barry P. Boden,MD}
}

@Misc{ref5,
author ={ Childrens Healthcare of Atlanta},
title ={Heat Related Illness in Young Athletes},
year = {2011}
}

@Misc{ref6,
author = {Business insider},
year = {2011}
}

@Misc{ref7,
author ={ Mashable},
title={Smartphones while working out},
year = {2012},
url ={http://mashable.com/2012/05/04/smartphones-while-working-out}
}

@article{ ref8,
author = {Declan A.J. Connolly},
title={The Effects of an Application of Sunscreen on Selected Physiological Variables During Exercise in the Heat},
year = {1994}
}

@Misc{dehydration1,
author ={medicinenet},
title={Dehydration},
url ={http://www.medicinenet.com/dehydration/article.htm#dehydration_facts}
}


@Misc{dehydration2,
author ={Asker Jeukendrup and Micheal Gleeson},
title={Dehydration and its effects on performance},
url ={http://www.humankinetics.com/excerpts/excerpts/dehydration-and-its-effects-on-performance}
}

@Misc{ ref9,
author = {ehealthstar},
title={Dehydration symptoms and signs},
url ={ http://www.ehealthstar.com/dehydration/symptoms-and-signs}
}

@article{ ref10,
author = {gonzales et al},
title={Expanded prediction equations of human sweat loss and water needs},
year = {2009}
}

@Misc{ ref11,
author = {Google},
title={Sensors overview},
url ={http://developer.android.com/guide/topics/sensors/sensors_overview.html}
}


@Misc{ ref12,
author ={Wikipedia},
title={Weka},
url ={http://en.wikipedia.org/wiki/Weka}
}

@article{ sweat1,
author = {Taylor and Machado-Moreira},
title={Regional variations in transepidermal water loss,eccrine sweat gland density, sweat secretion rates and electrolyte composition in resting and exercising humans.},
year = {2013}
}


@article{ sweat2,
author ={Gonzales et al.},
title={Transient Sweat Rate Calculation from Humidity Measurements Under Clothing.},
year = {2006}
}

@article{ sweat3,
author = {Y. Shapiro, K. B. Pandolf, and R. F. Goldman},
title={Predicting Sweat Loss Response to Exercise, Environment and Clothing},
year = {1982}
}

@article{ sweat4,
author = {Cheuvront et al},
title={Prediction of Water Requirements to Replace Sweat Losses},
year = {2010}
}

@article{ sweat5,
author = {B. Givoni and R. F. Goldman},
title={Predicting rectal temperature response to work, environment, and clothing},
year = {1972}
}

@article{ sweat6,
author ={N.A.S Taylor},
title={Sweating in extreme environments: heat loss, heat adaptation, body-fluid distribution and thermal strain},
year = {2000}
}


@InProceedings{ monet_dengue,
author = {Jerrid Matthews and Rajan Kulkarni and Mario Gerla and Tammara Massey},
title = {Rapid Dengue and Outbreak Detection with Mobile Systems and Social Networks},
booktitle ={MONET 2010},
publisher = {Springer},
year = {2010}
}

@Misc{ website.dengue_outbreak,
author = {Government of India},
title = {Dengue in travelers},
journal = {National Vector Borne Disease Control Programme},
month = {April},
year = {2009},
url = {http://www.nvbdcp.gov.in/DENGU1.html}
}

@Misc{ website.india_economy,
author = {Wikipedia},
title = {Economy of India},
url ={http://en.wikipedia.org/wiki/Economy_of_India}
}

@Misc{ website.csu_uvb,
author = {Colorado State University},
title ={ UVB Monitoring and Research Program},
url = {http://uvb.nrel.colostate.edu/UVB/}
}

@Article{ grant,
author = {Richard H. Grant and Gordon M. Heisler},
title = {Estimation of Ultraviolet-B Irradiance under Variable Cloud Conditions},
journal = {Journal of Applied Meteorology},
year = {2000}
}

@InProceedings{ grant2,
author = {R. H. Grant and G. M. Heisler},
title = {Solar ultraviolet-B and photosynthetically-active irradiance in the urban sub-canopy},
publisher = {Biometeorol},
month = {March},
year = {1996}
}

@InProceedings{ rowntree1,
author = {R. A. Rowntree},
title = {Forest canopy cover and land use in four eastern United States cities},
publisher = {Urban Ecology},
year = {1984}
}
