@Misc{ chc_atlanta,
    AUTHOR = "Childrens Healthcare of Atlanta",
    TITLE = "Heat Related Illness in Young Athletes,
    YEAR = "2011"
}

@article{seth,
title={Exertional heat stroke in a marathon runner with extensive healed deep burns: a case report},
year={2011},
journal={International Journal of Emergency Medicine},
volume={4},
number={1},
publisher={Springer-Verlag},
author={Seth, Puneet and Juliana, Poh},
pages={1-3}
}

@Misc{ lichtle,
    AUTHOR = "Colin Bane",
    TITLE = "Josh Lichtle dies from heat stroke",
    note = "\url{http://xgames.espn.go.com/article/6737913/josh-lichtle-dies-monday-heat-stroke-sustained-red-bud-moto-cross-race-michigan}"
}
@Misc{ jason_smith,
    AUTHOR = "Steven Morris",
   TITLE = "Jason Smith's officer fights back tears as inquest told of heatstroke death",
    note = "\url{http://www.theguardian.com/uk-news/2013/sep/16/jason-smith-inquest-iraq-heatstroke-death}"
}

@article{howe,
title={Heat Related Illness in Atheletes},
author={Allyson S. Howe MD and Barry P. Boden,MD}
}

@InProceedings{ monet_dengue,
    author = "Jerrid Matthews and Rajan Kulkarni and Mario Gerla and Tammara Massey",
    title = "Rapid Dengue and Outbreak Detection with Mobile Systems and Social Networks",
    booktitle = "MONET 2010",
    publisher = "Springer",
    YEAR = "2010"
}

@Misc{ website.dengue_outbreak,
    AUTHOR = "Government of India",
    TITLE = "Dengue in travelers",
    JOURNAL = "National Vector Borne Disease Control Programme",
    MONTH = "April",
    YEAR = "2009",
    note = "\url{http://www.nvbdcp.gov.in/DENGU1.html}"
}

@Misc{ website.india_economy,
    AUTHOR = "Wikipedia",
    TITLE = "Economy of India",
    note = "\url{http://en.wikipedia.org/wiki/Economy_of_India}"
}

@Misc{ website.csu_uvb,
    AUTHOR = "Colorado State University",
    TITLE = "UVB Monitoring and Research Program",
    note = "\url{http://uvb.nrel.colostate.edu/UVB/}"
}

@Article{ grant,
    author = "Richard H. Grant and Gordon M. Heisler",
    title = "Estimation of Ultraviolet-B Irradiance under Variable Cloud Conditions",
    journal = "Journal of Applied Meteorology",
    year = "2000"
}

@InProceedings{ grant2,
    author = "R. H. Grant and G. M. Heisler",
    title = "Solar ultraviolet-B and photosynthetically-active irradiance in the urban sub-canopy",
    publisher = "Biometeorol",
    MONTH = "March",
    YEAR = "1996"
}

@InProceedings{ rowntree1,
    author = "R. A. Rowntree",
    title = "Forest canopy cover and land use in four eastern United States cities",
    publisher = "Urban Ecology",
    YEAR = "1984"
}
